<?xml version="1.0" encoding="UTF-8"?><collection xmlns="http://www.loc.gov/MARC21/slim"><record><leader>00371nam--2200121-i-4500</leader><controlfield tag="001">000011265</controlfield><controlfield tag="002">20161230</controlfield><controlfield tag="005">20161230201029</controlfield><controlfield tag="008">060222s1000------------r-----000-0-eng-d</controlfield><datafield ind1=" " ind2=" " tag="100"><subfield code="a">Burrous, Clifford N.And Deboo, Gordon J</subfield></datafield><datafield ind1=" " ind2=" " tag="245"><subfield code="a">Integrated circuits and semiconductor. devices theory and application</subfield></datafield><datafield ind1=" " ind2=" " tag="260"><subfield code="a">New York, Mcgraw-hill Book Co., 1971</subfield></datafield><datafield ind1=" " ind2=" " tag="490"><subfield code="a">Xv + 655 P</subfield></datafield></record></collection>